@online{cejpek98,
	author = "Ji{\v{r}}{\'{i}} Cejpek",
	title = "Informace jako psychofyziologický jev a proces",
	note = "Sborník prací Flozofické fakulty Brnìnské univerzity, B~45",
	cited = "19.\,10.\,2005",
	year = "1998",
	url = "http://www.phil.muni.cz/fil/sbornik/1998/10cejpek.html"
}

@ARTICLE{brooks68,
	author = "Lee R. Brooks",
	title = "Spatial and verbal components of the act of recall",
	journal = "Canadian Journal of Psychology",
	volume = "22",
	number = "5",
	pages = "349-368",
	year = "1968",
}

@phdthesis{swierstra:thesis,
	Author = {Wouter Swierstra},
	Month = {November},
	School = {University of Nottingham},
	Title = {A Functional Specification of Effects},
	Year = {2008}
}

@inproceedings{gmh:exceptions,
        author = "Graham Hutton and Joel Wright",
        title = "{Compiling Exceptions Correctly}",
        booktitle = "{Proceedings of the 7th International
                Conference on Mathematics of Program Construction}",
        address = "Stirling, Scotland",
        series =  "Lecture Notes in Computer Science",
        volume = 3125,
        publisher = "Springer",
        month = jul,
        year = 2004
}

@article{nipkow,
  author    = {Tobias Nipkow},
  title     = {Compiling Exceptions Correctly},
  journal   = {Archive of Formal Proofs},
  volume    = {2004},
  year      = {2004},
  ee        = {http://afp.sourceforge.net/entries/Compiling-Exceptions-Correctly.shtml},
  bibsource = {DBLP, http://dblp.uni-trier.de}
}

@INPROCEEDINGS{epigram-compiler,
    author = {James Mckinna and Joel Wright},
    title = {A type-correct, stack-safe, provably correct, expression compiler},
    booktitle = {in Epigram. Submitted to the Journal of Functional Programming},
    year = {2006}
}

@online{chlipala:compiler,
	author = "Adam Chlipala",
	title = "Library StackMachine",
	cited = "10.\,07.\,2012",
	url = "http://adam.chlipala.net/cpdt/html/StackMachine.html"
}

@inproceedings{hurkens,
  author    = {Antonius J. C. Hurkens},
  title     = {A Simplification of Girard's Paradox},
  booktitle = {TLCA},
  year      = {1995},
  pages     = {266-278},
  ee        = {http://dx.doi.org/10.1007/BFb0014058},
  bibsource = {DBLP, http://dblp.uni-trier.de}
}

@phdthesis{girard:dissertation,
  author = {Jean-Yves Girard},
  title = {Interprétation fonctionnelle et élimination des coupures de l'arithmétique d'ordre supérieur},
  school = {Université Paris VII},
  year = {1972}
}
